@online{pub:usgs,
	author = {USGS},
    year = {2017-03-01},
    url = {https://pubs.er.usgs.gov/publication/fs20153081},
    title = {Haystack: Electronic Noise Calibrator for the Small Radio Telescope},
    lastchecked = {2017-03-01}

}

@online{remote:usgs,
	author = {USGS},
    year = {2017-03-01},
    url = {https://remotesensing.usgs.gov/index.php},
    title = {Haystack: Electronic Noise Calibrator for the Small Radio Telescope},
    lastchecked = {2017-03-01}

}

@online{l4:usgs,
	author = {USGS},
    year = {2017-03-02},
    url = {https://landsat.usgs.gov/landsat-4-history},
    title = {LandSat-4 History},
    lastchecked = {2017-03-02}
}

@online{l5:usgs,
	author = {USGS},
    year = {2017-03-02},
    url = {https://landsat.usgs.gov/landsat-5-history},
    title = {LandSat-5 History},
    lastchecked = {2017-03-02}
}

@online{l7:usgs,
	author = {USGS},
    year = {2017-03-02},
    url = {https://landsat.usgs.gov/landsat-7-history},
    title = {LandSat-7 History},
    lastchecked = {2017-03-02}
}

@online{earthexpl,
	author = {USGS Earth Explorer},
    year = {2017-03-02},
    url = {https://earthexplorer.usgs.gov},
    title = {USGS Online Tool for Data Selection and Access to publicly available earth observation satellite data},
    lastchecked = {2017-02-27}
}

@online{googlemaps,
	author = {Google Maps},
    year = {2017-03-02},
    url = {en.wikipedia.org/wiki/Landsat_4},
    title = {Image obtained from Google Maps, using the keyword "Dubai"},
    lastchecked = {2017-03-02}
}

@online{l5:wiki,
	author = {Wikipedia},
    year = {2017-03-02},
    url = {en.wikipedia.org/wiki/Landsat_4},
    title = {LandSat-4 Article},
    lastchecked = {2017-03-02}
}
